
@InProceedings{D14-1082,
  author =  "Chen, Danqi
    and Manning, Christopher",
  title =   "A Fast and Accurate Dependency Parser using Neural Networks",
  booktitle =   "EMNLP",
  year =  "2014",
  ALTpublisher =   "Association for Computational Linguistics",
  ALTpages =   "740--750",
  ALTlocation =  "Doha, Qatar",
  ALTdoi =   "10.3115/v1/D14-1082",
  ALTurl =   "http://aclweb.org/anthology/D14-1082"
}

@InProceedings{karpathy,
  author = {Karpathy, Andrej and Johnson, Justin and Fei-Fei, Li},
  booktitle = "ICLR (Workshop track)",
  title={Visualizing and understanding recurrent networks},
  year="2016",
}

@article{Hochreiter1997LongSM,
  title={Long Short-Term Memory},
  author={Sepp Hochreiter and J{\"u}rgen Schmidhuber},
  journal={Neural Computation},
  year={1997},
  ALTvolume={9},
  ALTpages={1735-1780}
}

@InProceedings{P17-1099,
  author =  "See, Abigail
    and Liu, Peter J.
    and Manning, Christopher D.",
  title =   "Get To The Point: Summarization with Pointer-Generator Networks",
  booktitle =   "ACL",
  year =  "2017",
  LATpublisher =   "Association for Computational Linguistics",
  ALTpages =   "1073--1083",
  ALTlocation =  "Vancouver, Canada",
  ALTdoi =   "10.18653/v1/P17-1099",
  ALTurl =   "http://aclweb.org/anthology/P17-1099"
}


@inproceedings{Peters:2018,
  author={Peters, Matthew E. and  Neumann, Mark and Iyyer, Mohit and Gardner, Matt and Clark, Christopher and Lee, Kenton and Zettlemoyer, Luke},
  title={Deep contextualized word representations},
  booktitle={Proc. of NAACL},
  year={2018}
}

@inproceedings{Gardner2017AllenNLP,
  title={AllenNLP: A Deep Semantic Natural Language Processing Platform},
  author={Matt Gardner and Joel Grus and Mark Neumann and Oyvind Tafjord
    and Pradeep Dasigi and Nelson F. Liu and Matthew Peters and
    Michael Schmitz and Luke S. Zettlemoyer},
  year={2017},
  Eprint = {arXiv:1803.07640},
}

@article{Pedregosa:2011:SML:1953048.2078195,
 author = {Pedregosa, Fabian and Varoquaux, Ga\"{e}l and Gramfort, Alexandre and Michel, Vincent and Thirion, Bertrand and Grisel, Olivier and Blondel, Mathieu and Prettenhofer, Peter and Weiss, Ron and Dubourg, Vincent and Vanderplas, Jake and Passos, Alexandre and Cournapeau, David and Brucher, Matthieu and Perrot, Matthieu and Duchesnay, \'{E}douard},
 title = {Scikit-learn: Machine Learning in Python},
 journal = {J. Mach. Learn. Res.},
 issue_date = {2/1/2011},
 volume = {12},
 month = nov,
 year = {2011},
 issn = {1532-4435},
 pages = {2825--2830},
 numpages = {6},
 url = {http://dl.acm.org/citation.cfm?id=1953048.2078195},
 acmid = {2078195},
 publisher = {JMLR.org},
}

@inproceedings{Vinyals2015GrammarAA,
  title={Grammar as a Foreign Language},
  author={Oriol Vinyals and Lukasz Kaiser and Terry K Koo and Slav Petrov and Ilya Sutskever and Geoffrey E. Hinton},
  booktitle={NIPS},
  year={2015}
}


@inproceedings{nivre2003,
  title={An efficient algorithm for projective dependency parsing},
  author={Joakim Nivre},
  booktitle={International Conference on Parsing Technologies},
  year={2003}
}

@article{Earley1970AnEC,
  title={An Efficient Context-Free Parsing Algorithm},
  author={Jay Earley},
  journal={Commun. ACM},
  year={1970},
  volume={13},
  pages={94-102}
}

@inproceedings{Choi2011TransitionbasedSR,
  title={Transition-based Semantic Role Labeling Using Predicate Argument Clustering},
  author={Jinho D. Choi and Martha Palmer},
  booktitle={Workshop on Relational Models of Semantics at ACL},
  year={2011}
}


@inproceedings{tombros1998advantages,
  title={Advantages of query biased summaries in information retrieval},
  author={Tombros, Anastasios and Sanderson, Mark},
  booktitle={SIGIR},
  year={1998},
  organization={ACM}
}

# https://stanfordnlp.github.io/CoreNLP/
# If youâ€™re just running the CoreNLP pipeline, please cite this CoreNLP paper:
@InProceedings{corenlp,
  author    = {Manning, Christopher D. and  Surdeanu, Mihai  and  Bauer, John  and  Finkel, Jenny  and  Bethard, Steven J. and  McClosky, David},
  title     = {The {Stanford} {CoreNLP} Natural Language Processing Toolkit},
  booktitle = {ACL System Demonstrations},
  year      = {2014},
  ALTpages     = {55--60},
  url       = {http://www.aclweb.org/anthology/P/P14/P14-5010}
}

@article{wagner2009judging,
  title={Judging grammaticality: Experiments in sentence classification},
  author={Wagner, Joachim and Foster, Jennifer and van Genabith, Josef and others},
  journal={CALICO Journal},
  volume={26},
  number={3},
  pages={474--490},
  publisher={JSTOR}
}

@inproceedings{kanungo2009predicting,
  title={Predicting the readability of short web summaries},
  author={Kanungo, Tapas and Orr, David},
  booktitle={Proceedings of the Second ACM International Conference on Web Search and Data Mining},
  ALTpages={202--211},
  year={2009},
  ALTorganization={ACM}
}

@inproceedings{Metzler2008MachineLS,
  title={Machine Learned Sentence Selection Strategies for Query-Biased Summarization},
  author={Donald Metzler},
  booktitle={SIGIR Workshop on Learning to Rank for Information Retrieval},
  year={2008}
}

@inproceedings{filippova2009company,
  title={Company-oriented extractive summarization of financial news},
  author={Filippova, Katja and Surdeanu, Mihai and Ciaramita, Massimiliano and Zaragoza, Hugo},
  booktitle={EACL},
  pages={246--254},
  year={2009},
  organization={Association for Computational Linguistics}
}

@inproceedings{blair2003defscriber,
  title={Defscriber: A hybrid system for definitional qa},
  author={Blair-Goldensohn, Sasha and McKeown, Kathleen R and Schlaikjer, Andrew Hazen},
  booktitle={Proceedings of the 26th annual international ACM SIGIR conference on Research and development in informaion retrieval},
  pages={462--462},
  year={2003},
  organization={ACM}
}

@InProceedings{w04,
  author =  "Zhou, Liang 
    and Ticrea, Miruna 
    and Hovy, Eduard ",
  title =   "Multi-Document Biography Summarization",
  booktitle =   "EMNLP",
  year =  "2004",
  url =   "http://aclweb.org/anthology/W04-3256"
}


@InProceedings{N18-1119,
  author =  "Post, Matt
    and Vilar, David",
  title =   "Fast Lexically Constrained Decoding with Dynamic Beam Allocation for Neural Machine Translation",
  booktitle =   "NAACL",
  year =  "2018",
  ALTpublisher =   "Association for Computational Linguistics",
  ALTpages =   "1314--1324",
  location =  "New Orleans, Louisiana",
  url =   "http://aclweb.org/anthology/N18-1119"
}

@InProceedings{aaimh,
  title = "Constrained Sentence Generation by Metropolis-Hastings Sampling",
  booktitle="AAA19",
  author = "Miao, Ning and Zhou, Hao and Mou, Lili and Yan, Rui and Li, Lei",
  year= "2019"
}



@article{vulkan2000economist,
  title={An economist's perspective on probability matching},
  author={Vulkan, Nir},
  journal={Journal of economic surveys},
  volume={14},
  number={1},
  pages={101--118},
  year={2000},
  publisher={Wiley Online Library}
}

@InProceedings{P07-1010,
  author =  "Okanohara, Daisuke
    and Tsujii, Jun'ichi",
  title =   "A discriminative language model with pseudo-negative samples",
  booktitle =   "ACL",
  year =  "2007",
  ALTpublisher =   "Association for Computational Linguistics",
  ALTpages =   "73--80",
  location =  "Prague, Czech Republic",
  url =   "http://www.aclweb.org/anthology/P07-1010"
}

@inproceedings{Li2013DocumentSV,
  title={Document Summarization via Guided Sentence Compression},
  author={Chen Li and Fei Liu and Fuliang Weng and Yang Liu},
  booktitle={EMNLP},
  year={2013}
}

@article{thompson1933likelihood,
  title={On the likelihood that one unknown probability exceeds another in view of the evidence of two samples},
  author={Thompson, William R},
  journal={Biometrika},
  volume={25},
  number={3/4},
  pages={285--294},
  year={1933},
  publisher={JSTOR}
}

@inproceedings{kannConl,
ALTaddress = "{Brussels, Belgium}",
author = "Kann, Katharina
           and Rothe, Sascha 
           and Filippova, Katja",
booktitle = "{CoNNL 2018}",
ALTpublisher = "Association for Computational Linguistics",
title = "{Sentence-Level Fluency Evaluation: References Help, But Can Be Spared!}",
year = "2018"
}


@article{plattscaling,
author = {Platt, John},
year = {2000},
month = {06},
pages = {},
title = {Probabilistic Outputs for Support Vector Machines and Comparisons to Regularized Likelihood Methods},
volume = {10},
booktitle = {Adv. Large Margin Classif.}
}

# https://aclanthology.coli.uni-saarland.de/papers/D12-1091/d12-1091.bib
@InProceedings{D12-1091,
  author =  "Berg-Kirkpatrick, Taylor
    and Burkett, David
    and Klein, Dan",
  title =   "An Empirical Investigation of Statistical Significance in {NLP}",
  booktitle =   "Proceedings of the 2012 Joint Conference on Empirical Methods in Natural Language Processing and Computational Natural Language Learning",
  year =  "2012",
  ALTpublisher =   "Association for Computational Linguistics",
  NApages =   "995--1005",
  location =  "Jeju Island, Korea",
  url =   "http://www.aclweb.org/anthology/D12-1091"
}


@inproceedings{cohn2008sentence,
  title={Sentence compression beyond word deletion},
  author={Cohn, Trevor and Lapata, Mirella},
  booktitle={Proceedings of the 22nd International Conference on Computational Linguistics-Volume 1},
  ALTpages={137--144},
  year={2008},
  ALTorganization={Association for Computational Linguistics}
}

@inproceedings{mallinson18,
ALTaddress = "Brussels, Belgium",
author = "Mallinson, Jonathan and Sennrich, Rico and Lapata, Mirella",
booktitle = "{EMNLP 2018}",
ALTpublisher = "Association for Computational Linguistics",
title = "{Sentence Compression for Arbitrary Languages via Multilingual Pivoting}",
year = "2018"
}

@inproceedings{pang2004sentimental,
  title={A sentimental education: Sentiment analysis using subjectivity summarization based on minimum cuts},
  author={Pang, Bo and Lee, Lillian},
  booktitle={Proceedings of the 42nd annual meeting on Association for Computational Linguistics},
  pages={271},
  year={2004},
  organization={Association for Computational Linguistics}
}

@InProceedings{kimcnn,
  author =  "Kim, Yoon",
  title =   "Convolutional Neural Networks for Sentence Classification",
  booktitle =   "EMNLP",
  year =  "2014",
  ALTpublisher =   "Association for Computational Linguistics",
  ALTpages =   "1746--1751",
  location =  "Doha, Qatar",
  doi =   "10.3115/v1/D14-1181",
  url =   "http://www.aclweb.org/anthology/D14-1181"
}


@inproceedings{jing2000cut,
  title={Cut and paste based text summarization},
  author={Jing, Hongyan and McKeown, Kathleen R},
  booktitle={Proceedings of the 1st North American chapter of the Association for Computational Linguistics conference},
  ALTpages={178--185},
  year={2000},
  ALTorganization={Association for Computational Linguistics}
}

@article{fleiss1971measuring,
  title={Measuring nominal scale agreement among many raters.},
  author={Fleiss, Joseph L},
  journal={Psychological bulletin},
  volume={76},
  number={5},
  pages={378},
  year={1971},
  publisher={American Psychological Association}
}


% from brendan's bib
@inproceedings{Niculescu2005Calibration,
  Author = {Niculescu-Mizil, Alexandru and Caruana, Rich},
  Booktitle = {Proceedings of the 22nd {I}nternational {C}onference on {M}achine {L}earning},
  Date-Added = {2015-05-31 01:20:40 +0000},
  Date-Modified = {2015-05-31 01:22:56 +0000},
  Pages = {625--632},
  Title = {Predicting good probabilities with supervised learning},
  Year = {2005}
}

@techreport{Bennett2000NB,
  Author = {Bennett, Paul N.},
  Date-Added = {2015-05-31 01:25:03 +0000},
  Date-Modified = {2015-05-31 01:25:48 +0000},
  Institution = {Carnegie Mellon University},
  Title = {Assessing the Calibration of Naive {B}ayes' Posterior Estimates},
  Year = {2000},
  Bdsk-Url-1 = {http://reports-archive.adm.cs.cmu.edu/anon/2000/CMU-CS-00-155.pdf}}


% brendan's bib file
@inproceedings{Nguyen2015Calib,
  Address = {Lisbon, Portugal},
  Author = {Nguyen, Khanh and O'Connor, Brendan},
  Booktitle = {Proceedings of the 2015 Conference on Empirical Methods in Natural Language Processing},
  Date-Added = {2015-09-28 01:46:41 +0000},
  Date-Modified = {2015-09-28 01:46:48 +0000},
  Keywords = {mypapers},
  Month = {September},
  Pages = {1587--1598},
  Publisher = {Association for Computational Linguistics},
  Title = {Posterior calibration and exploratory analysis for natural language processing models},
  Url = {http://aclweb.org/anthology/D15-1182},
  Year = {2015},
  Bdsk-Url-1 = {http://aclweb.org/anthology/D15-1182}}


@inproceedings{Wang2017CanSH,
  title={Can Syntax Help? {I}mproving an {LSTM}-based Sentence Compression Model for New Domains},
  author={Liangguo Wang and Jing Jiang and Hai Leong Chieu and Chen Hui Ong and Dandan Song and Lejian Liao},
  booktitle={ACL},
  year={2017}
}

@inproceedings{Smith2005ContrastiveET,
  title={Contrastive Estimation: Training Log-Linear Models on Unlabeled Data},
  author={Noah A. Smith and Jason Eisner},
  booktitle={ACL},
  year={2005}
}

% https://kheafield.com/papers/bib/Heafield-kenlm.bib

@inproceedings{kenlm,
  author = {Kenneth Heafield},
  title = {{KenLM:} Faster and Smaller Language Model Queries},
  year = {2011},
  month = {July},
  booktitle = {{EMNLP} Sixth Workshop on Statistical Machine Translation},
  address = {Edinburgh, Scotland, United Kingdom},
  ALTpages = {187--197},
  url = {https://kheafield.com/papers/avenue/kenlm.pdf},
}

@inproceedings{voxcorpus,
 author = {Elena Zheleva},
 title = {Vox Media dataset},
 booktitle = {KDD DS + J Workshop},
 year = {2017},
 url = {https://d},
 address = {Halifax, Canda}
 }

@misc{gigaword5,
 author = {Robert Parker and David Graff and Junbo Kong and Ke Chen and Kazuaki Maeda},
 title = {English {G}igaword Fifth Edition},
 publisher = {Linguistic Data Consortium},
 year = {2011},
 address = {Philadelphia, PA},
 isbn = {1-58563-581-2}
 }

@Book{manning1999foundations,
 author = {Manning, Christopher and Hinrich Sch\"utze, Carson},
 title = {Foundations of {S}tatistical {N}atural {L}anguage {P}rocessing},
 publisher = {MIT Press},
 year = {1999},
 address = {Cambridge, Mass},
 isbn = {0262133601}
 }

 @Book{hearst2009search,
 author = {Hearst, Marti},
 title = {Search user interfaces},
 publisher = {Cambridge University Press},
 year = {2009},
 address = {Cambridge New York},
 isbn = {9780521113793}
 }

@article{Bahdanau2014NeuralMT,
  title={Neural Machine Translation by Jointly Learning to Align and Translate},
  author={Dzmitry Bahdanau and Kyunghyun Cho and Yoshua Bengio},
  journal={CoRR},
  year={2014},
  volume={abs/1409.0473}
}

@inproceedings{Jing2000SentenceRF,
  title={Sentence Reduction for Automatic Text Summarization},
  author={Hongyan Jing},
  booktitle={Proceedings of the Sixth Conference on Applied Natural Language Processing},
  year={2000}
}

@article{Warstadt2018NeuralNA,
  title={Neural Network Acceptability Judgments},
  author={Alex Warstadt and Amanpreet Singh and Samuel R. Bowman},
  journal={CoRR},
  year={2018},
  volume={abs/1805.12471v1}
}

@InProceedings{D17-1070,
  author =  "Conneau, Alexis
    and Kiela, Douwe
    and Schwenk, Holger
    and Barrault, Lo{\"i}c
    and Bordes, Antoine",
  title =   "Supervised Learning of Universal Sentence Representations from Natural      Language Inference Data    ",
  booktitle =   "EMNLP",
  year =  "2017",
  ALTpublisher =   "Association for Computational Linguistics",
  ALTpages =   "670--680",
  ALTlocation =  "Copenhagen, Denmark",
  ALTdoi =   "10.18653/v1/D17-1070",
  ALTurl =   "http://aclweb.org/anthology/D17-1070"
}


@inproceedings{Baldwin2010MultiwordE,
  title={Multiword Expressions},
  author={Timothy Baldwin and Su Nam Kim},
  booktitle={Handbook of Natural Language Processing},
  year={2010}
}


@article{macmillan1990response,
  title={Response bias: Characteristics of detection theory, threshold theory, and "nonparametric" indexes.},
  author={Macmillan, Neil A and Creelman, C Douglas},
  journal={Psychological Bulletin},
  volume={107},
  number={3},
  pages={401},
  year={1990},
  publisher={US: American Psychological Association}
}

@Book{macmillan2005detection,
 author = {Macmillan, Neil A. and Creelman, C. Douglas},
 title = {Detection theory: A user's guide},
 publisher = {Psychology Press},
 year = {2004},
 isbn = {1135634564}
 }

@inproceedings{Clarke:2006:MSC:1220175.1220223,
 author = {Clarke, James and Lapata, Mirella},
 title = {Models for Sentence Compression: A Comparison Across Domains, Training Requirements and Evaluation Measures},
 booktitle = {Proceedings of the 21st International Conference on Computational Linguistics and the 44th Annual Meeting of the Association for Computational Linguistics},
 series = {ACL-44},
 year = {2006},
 location = {Sydney, Australia},
 pages = {377--384},
 numpages = {8},
 url = {https://doi.org/10.3115/1220175.1220223},
 doi = {10.3115/1220175.1220223},
 acmid = {1220223},
 publisher = {Association for Computational Linguistics},
 address = {Stroudsburg, PA, USA},
} 


@InProceedings{N18-1155,
  author =  "Kamigaito, Hidetaka
        and Hayashi, Katsuhiko
        and Hirao, Tsutomu
        and Nagata, Masaaki",
  title =   "Higher-Order Syntactic Attention Network for Longer Sentence Compression",
  booktitle =   "Proceedings of the 2018 Conference of the North American Chapter of the Association for Computational Linguistics: Human Language Technologies, Volume 1 (Long Papers)",
  year =    "2018",
  publisher =   "Association for Computational Linguistics",
  pages =   "1716--1726",
  location =    "New Orleans, Louisiana",
  url =     "http://aclweb.org/anthology/N18-1155"
}


@inproceedings{handlerlnaacl18,
  title={Relational summarization for corpus analysis},
  author={Handler, Abram and O'Connor, Brendan},
  booktitle={NAACL},
  year={2018}
}

@inproceedings{snow2008cheap,
  title={Cheap and fast---but is it good?: Evaluating non-expert annotations for natural language tasks},
  author={Snow, Rion and O'Connor, Brendan and Jurafsky, Daniel and Ng, Andrew Y},
  booktitle={EMNLP},
  ALTpages={254--263},
  year={2008},
  ALTorganization={ACL}
}


@inproceedings{filippova2013overcoming,
  title={Overcoming the lack of parallel data in sentence compression},
  author={Filippova, Katja and Altun, Yasemin},
  booktitle={EMNLP},
  ALTpages={1481--1491},
  year={2013}
}

@inproceedings{Ross2011ARO,
  title={A Reduction of Imitation Learning and Structured Prediction to No-Regret Online Learning},
  author={St{\'e}phane Ross and Geoffrey J. Gordon and J. Andrew Bagnell},
  booktitle={AISTATS},
  year={2011}
}

@inproceedings{global_networks,
title = {Globally Normalized Transition-Based Neural Networks},
author  = {Daniel Andor and Chris Alberti and David Weiss and Aliaksei Severyn and Alessandro Presta and Kuzman Ganchev and Slav Petrov and Michael Collins},
year  = {2016},
URL = {https://arxiv.org/abs/1603.06042},
booktitle = {Association for Computational Linguistics}
}


@article{linzencompression,
  author    = {McCoy, Thomas R. and Linzen, Tal},
  title     = {Non-entailed subsequences as a challenge for natural language inference},
  journal   = {CoRR},
  note = {Version 1},
  year      = {2018},
  url       = {https://arxiv.org/pdf/1811.12112.pdf},
  timestamp = {30 Nov 2018}
}

@inproceedings{Pavlick2016SoCalledNA,
  title={So-Called Non-Subsective Adjectives},
  author={Ellie Pavlick and Chris Callison-Burch},
  booktitle={*SEM@ACL},
  year={2016}
}

@techreport{Nayak2014ADO,
  title={A Dictionary of Nonsubsective Adjectives},
  author={Neha Nayak and Mark Kowarsky and Gabor Angeli and Christopher D. Manning},
  year={2014},
  Institution = {Stanford University},
}

@inproceedings{pennington2014glove,
  author = {Jeffrey Pennington and Richard Socher and Christopher D. Manning},
  booktitle = {EMNLP},
  title = {GloVe: Global Vectors for Word Representation},
  year = {2014},
  ALTpages = {1532--1543},
  ALTurl = {http://www.aclweb.org/anthology/D14-1162},
}

@article{Bergstra2012RandomSF,
  title={Random Search for Hyper-Parameter Optimization},
  author={James Bergstra and Yoshua Bengio},
  journal={Journal of Machine Learning Research},
  year={2012},
  volume={13},
  pages={281-305}
}

@inproceedings{collins2002discriminative,
  title={Discriminative training methods for hidden markov models: Theory and experiments with perceptron algorithms},
  author={Collins, Michael},
  booktitle={EMNLP},
  ALTpages={1--8},
  year={2002},
  organization={Association for Computational Linguistics}
}

@inproceedings{heilman2014predicting,
  title={Predicting grammaticality on an ordinal scale},
  author={Heilman, Michael and Cahill, Aoife and Madnani, Nitin and Lopez, Melissa and Mulholland, Matthew and Tetreault, Joel},
  booktitle={ACL},
  ALTvolume={2},
  ALTpages={174--180},
  year={2014}
}


@inproceedings{Baker:1998:BFP:980845.980860,
 author = {Baker, Collin F. and Fillmore, Charles J. and Lowe, John B.},
 title = {The {B}erkeley {F}rame{N}et {P}roject},
 booktitle = {Proceedings of the 36th Annual Meeting of the Association for Computational Linguistics and 17th International Conference on Computational Linguistics - Volume 1},
 series = {ACL '98},
 year = {1998},
 location = {Montreal, Quebec, Canada},
 pages = {86--90},
 numpages = {5},
 url = {https://doi.org/10.3115/980845.980860},
 doi = {10.3115/980845.980860},
 acmid = {980860},
 publisher = {Association for Computational Linguistics},
 address = {Stroudsburg, PA, USA},
}


@Book{bender2013linguistic,
 author = {Bender, Emily},
 title = {Linguistic fundamentals for natural language processing : 100 essentials from morphology and syntax},
 publisher = {Morgan \& Claypool},
 year = {2013},
 address = {San Rafael, Calif},
 isbn = {9781627050111}
 }

@Book{schutzebook,
 author = {Sch\"utze, Carson},
 title = {The empirical base of linguistics: Grammaticality judgments and linguistic methodology},
 publisher = {University of Chicago Press},
 year = {1996},
 address = {Chicago, Il},
 isbn = {978-0226741543}
 }

@article{gahl2004verb,
  title={Verb subcategorization frequencies: American English corpus data, methodological studies, and cross-corpus comparisons},
  author={Gahl, Susanne and Jurafsky, Dan and Roland, Douglas},
  journal={Behavior Research Methods, Instruments, \& Computers},
  volume={36},
  number={3},
  pages={432--443},
  year={2004},
  publisher={Springer}
}

@incollection{Miller1963,
  editor = {D. Luce},
  pages = {2--419},
  booktitle = {Handbook of Mathematical Psychology},
  title = {Finitary Models of Language Users},
  author = {George A. Miller and Noam Chomsky},
  publisher = {John Wiley \& Sons.},
  year = {1963}
}

@book{huddleston2002the,
place={Cambridge},
title={The Cambridge Grammar of the English Language},
DOI={10.1017/9781316423530}, publisher={Cambridge University Press},
author={Huddleston, Rodney and Pullum, Geoffrey K.},
year={2002}
}

@article{eye,
    An = {PMC1615890},
    Author = {Staub, Adrian and Clifton, Charles and Frazier, Lyn},
    Date = {2006/04/},
    Date-Added = {2018-03-31 15:16:50 +0000},
    Date-Modified = {2018-03-31 15:16:50 +0000},
    Db = {PMC},
    Doi = {10.1016/j.jml.2005.12.002},
    Isbn = {0749-596X; 1096-0821},
    J1 = {J Mem Lang},
    Journal = {Journal of memory and language},
    Month = {04},
    Number = {3},
    Pages = {389--406},
    Title = {Heavy NP shift is the parser's last resort: Evidence from eye movements},
    Ty = {JOUR},
    U1 = {17047731{$[$}pmid{$]$}},
    Url = {http://www.ncbi.nlm.nih.gov/pmc/articles/PMC1615890/},
    Volume = {54},
    Year = {2006},
    Bdsk-Url-1 = {http://www.ncbi.nlm.nih.gov/pmc/articles/PMC1615890/},
    Bdsk-Url-2 = {http://dx.doi.org/10.1016/j.jml.2005.12.002}}
âˆ‚

% https://kclpure.kcl.ac.uk/portal/en/publications/towards-a-statistical-model-of-grammaticality(9d10d65e-0560-490b-bb65-6e58cc2b831b)/export.html
@inbook{clark2013towards,
title = "Towards a Statistical Model of Grammaticality",
author = "Alexander Clark and Gianluca Giorgolo and Shalom Lappin",
year = "2013",
month = "7",
day = "31",
language = "English",
isbn = "978-0-9768318-9-1",
series = "Proceeding of the Annual Conference of the Cognitive Science Society",
publisher = "Cognitive Science Society.",
pages = "2064--2069",
booktitle = "Proceedings of the 35th Annual Conference of the Cognitive Science Society 2013",
}

@inbook{Crocker2005ProbabilisticGA,
author={Crocker, Matthew and Keller, Frank},
chapter={Probabilistic Grammars as Models of Gradience
in Language Processing},
title={Gradience in Grammar: Generative Perspectives},
publisher={Oxford Univeristy Press},
year={2005}
}

@inproceedings{almeida2013fast,
  title={Fast and robust compressive summarization with dual decomposition and multi-task learning},
  author={Almeida, Miguel and Martins, Andre},
  booktitle={Proceedings of the 51st Annual Meeting of the Association for Computational Linguistics (Volume 1: Long Papers)},
  volume={1},
  pages={196--206},
  year={2013}
}

@article{Filippova2015FastKS,
  title={Fast k-best Sentence Compression},
  author={Katja Filippova and Enrique Alfonseca},
  journal={CoRR},
  year={2015},
  volume={abs/1510.08418}
}

@inbook{mt,
author = {Jurafsky, Daniel and Martin, James H.},
chapter = {Machine Translation},
title = {Speech and Language Processing},
publisher ={Prentice Hall},
edition = {2nd},
year = {2008}
}


@inproceedings{bohnet2016generalized,
  title={Generalized transition-based dependency parsing via control parameters},
  author={Bohnet, Bernd and McDonald, Ryan and Pitler, Emily and Ma, Ji},
  booktitle={Proceedings of the 54th Annual Meeting of the Association for Computational Linguistics (Volume 1: Long Papers)},
  volume={1},
  pages={150--160},
  year={2016}
}

@inproceedings{Nivre2016UniversalDV,
  title={Universal Dependencies v1: A Multilingual Treebank Collection},
  author={Joakim Nivre and Marie-Catherine de Marneffe and Filip Ginter and Yoav Goldberg and Jan Hajic and Christopher D. Manning and Ryan T. McDonald and Slav Petrov and Sampo Pyysalo and Natalia Silveira and Reut Tsarfaty and Daniel Zeman},
  booktitle={LREC},
  year={2016}
}

@inproceedings{naacl18,
   title={Relational summarization for corpus analysis},
   author={Handler, Abram and O'Connor, Brendan},
   booktitle={NAACL},
   year={2018}
}

@inproceedings{napoles2011evaluating,
  title={Evaluating sentence compression: Pitfalls and suggested remedies},
  author={Napoles, Courtney and Van Durme, Benjamin and Callison-Burch, Chris},
  booktitle={Proceedings of the Workshop on Monolingual Text-To-Text Generation},
  ALTpages={91--97},
  year={2011},
  ALTorganization={Association for Computational Linguistics}
}

@phdthesis{pedregosaizquierdo:tel-01100921,
  TITLE = {{Feature extraction and supervised learning on fMRI : from practice to theory}},
  AUTHOR = {Pedregosa-Izquierdo, Fabian},
  URL = {https://tel.archives-ouvertes.fr/tel-01100921},
  NUMBER = {2015PA066015},
  SCHOOL = {{Universit{\'e} Pierre et Marie Curie - Paris VI}},
  YEAR = {2015},
  MONTH = Feb,
  KEYWORDS = {Ordinal regression ; Decoding ; Apprentissage supervis{\'e} ; Estimation de variables ; BOLD ; IRMf ; D{\'e}codage ; R{\'e}gression ordinale},
  TYPE = {Theses},
  PDF = {https://tel.archives-ouvertes.fr/tel-01100921/file/2015PA066015.pdf},
  HAL_ID = {tel-01100921},
  HAL_VERSION = {v2},
}

@Book{green2002african,
 author = {Green, Lisa},
 title = {African American English : A linguistic introduction},
 publisher = {Cambridge University Press},
 year = {2002},
 address = {Cambridge, U.K. New York},
 isbn = {0521891388}
 }

 @article{larson1985syntax,
  title={On the syntax of disjunction scope},
  author={Larson, Richard K},
  journal={Natural Language \& Linguistic Theory},
  volume={3},
  number={2},
  pages={217--264},
  year={1985},
  publisher={Springer}
}


@article{sprouse2017design,
  title={Design sensitivity and statistical power in acceptability judgment experiments},
  author={Sprouse, Jon and Almeida, Diogo},
  journal={Glossa},
  volume={2},
  number={1},
  pages={1},
  year={2017},
  publisher={Ubiquity Press}
}

@article{SPROUSE2013219,
title = "A comparison of informal and formal acceptability judgments using a random sample from Linguistic Inquiry 2001â€“2010",
journal = "Lingua",
volume = "134",
pages = "219 - 248",
year = "2013",
issn = "0024-3841",
doi = "https://doi.org/10.1016/j.lingua.2013.07.002",
url = "http://www.sciencedirect.com/science/article/pii/S0024384113001526",
author = "Jon Sprouse and Carson T. SchÃ¼tze and Diogo Almeida",
keywords = "Acceptability judgments, Grammaticality judgments, Experimental syntax, Methodology"
}

@article{pitler2010methods,
  title={Methods for sentence compression},
  author={Pitler, Emily},
  year={2010}
}

@InProceedings{clarke-lapata:2007:EMNLP-CoNLL2007,
  author    = {Clarke, James  and  Lapata, Mirella},
  title     = {Modelling Compression with Discourse Constraints},
  booktitle = {Proceedings of the 2007 Joint Conference on Empirical Methods in Natural Language Processing and Computational Natural Language Learning (EMNLP-CoNLL)},
  month     = {June},
  year      = {2007},
  address   = {Prague, Czech Republic},
  publisher = {Association for Computational Linguistics},
  pages     = {1--11},
  url       = {http://www.aclweb.org/anthology/D/D07/D07-1001}
}


@inproceedings{lau2015unsupervised,
  title={Unsupervised Prediction of Acceptability Judgements},
  author={Lau, Jey Han and Clark, Alexander and Lappin, Shalom},
  booktitle={ACL},
  ALTpages={1618--1628},
  year={2015}
}

@article{lau2017grammaticality,
  title={Grammaticality, acceptability, and probability: {A} probabilistic view of linguistic knowledge},
  author={Lau, Jey Han and Clark, Alexander and Lappin, Shalom},
  journal={Cognitive Science},
  volume={41},
  number={5},
  pages={1202--1241},
  year={2017},
  publisher={Wiley Online Library}
}

@book{murphy,
 author = {Murphy, Kevin P.},
 title = {Machine Learning: A Probabilistic Perspective},
 year = {2012},
 isbn = {0262018020, 9780262018029},
 publisher = {The MIT Press},
}

@misc{aj_judge,
      author = "James Myers",
      title = "Acceptability Judgments",
      year={2017},
      howpublished = {\url{http://linguistics.oxfordre.com/view/10.1093/acrefore/9780199384655.001.000     1/acrefore-9780199384655-e-333}}
}


@article{sprouse2011validation,
  title={A validation of {A}mazon {M}echanical {T}urk for the collection of acceptability judgments in linguistic theory},
  author={Sprouse, Jon},
  journal={Behavior research methods},
  volume={43},
  number={1},
  pages={155--167},
  year={2011},
  publisher={Springer}
}

@misc{ AcceptabilityJudgments,
      author = {Myers,James},
      title = "Acceptability Judgments",
      publisher ={Oxford University Press},
      booktitle={Oxford Research Encyclopedias},
      url = "http://linguistics.oxfordre.com/view/10.1093/acrefore/9780199384655.001.0001/acrefore-9780199384655-e-333"
}

@inproceedings{klein2003accurate,
  title={Accurate unlexicalized parsing},
  author={Klein, Dan and Manning, Christopher D},
  booktitle={Proceedings of the 41st Annual Meeting on Association for Computational Linguistics-Volume 1},
  pages={423--430},
  year={2003},
  organization={Association for Computational Linguistics}
}

@inbook{shutzesprouse,
  author={Sprouse, John and Sch\"utze, Carson},
  year= {2014},
  chapter={Judgment Data},
  title= {Research Methods in Linguistics},
  publisher= {Cambridge University Press},
  address= {Cambridge, UK},
}

@article{tremblay2005theoretical,
  title={Theoretical and methodological perspectives on the use of grammatically judgement tasks in linguistic theory},
  author={Tremblay, Annie},
  journal={University of Hawaii Second Langauge Studies Paper 24 (1)},
  year={2005}
}

@inproceedings{Banko2007OpenIE,
  title={Open Information Extraction from the Web},
  author={Michele Banko and Michael J. Cafarella and Stephen Soderland and Matthew J Broadhead and Oren Etzioni},
  booktitle={IJCAI},
  year={2007}
}

@article{Pedregosa:2011:SML:1953048.2078195,
 author = {Pedregosa, Fabian and Varoquaux, Ga\"{e}l and Gramfort, Alexandre and Michel, Vincent and Thirion, Bertrand and Grisel, Olivier and Blondel, Mathieu and Prettenhofer, Peter and Weiss, Ron and Dubourg, Vincent and Vanderplas, Jake and Passos, Alexandre and Cournapeau, David and Brucher, Matthieu and Perrot, Matthieu and Duchesnay, \'{E}douard},
 title = {Scikit-learn: Machine Learning in Python},
 journal = {J. Mach. Learn. Res.},
 issue_date = {2/1/2011},
 volume = {12},
 month = nov,
 year = {2011},
 issn = {1532-4435},
 pages = {2825--2830},
 numpages = {6},
 url = {http://dl.acm.org/citation.cfm?id=1953048.2078195},
 acmid = {2078195},
 publisher = {JMLR.org},
}

@inproceedings{predpatt,
  author = {Zhang, Sheng and Rudinger, Rachel and {Van Durme}, Benjamin},
  title = {{An Evaluation of PredPatt and Open IE via Stage 1 Semantic Role Labeling}},
  booktitle = {The Proceedings of the 12th International Conference on Computational Semantics (IWCS)},
  year = {2017}
}

@article{bammannatural,
  title={Natural Language Processing for the Long Tail},
  journal={Digital Humanities},
  author={Bamman, David},
  year={2017}
}

@inproceedings{Niklaus2016ASS,
  title={A Sentence Simplification System for Improving Relation Extraction},
  author={Christina Niklaus and Bernhard Bermeitinger and Siegfried Handschuh and Andr{\'e} Freitas},
  booktitle={COLING},
  year={2016}
}

@article{gatt2017survey,
  title={Survey of the State of the Art in Natural Language Generation: Core tasks, applications and evaluation},
  author={Gatt, Albert and Krahmer, Emiel},
  journal={arXiv preprint arXiv:1703.09902},
  year={2017}
}

@inproceedings{del2013clausie,
  title={Clausie: clause-based open information extraction},
  author={Del Corro, Luciano and Gemulla, Rainer},
  booktitle={Proceedings of the 22nd international conference on World Wide Web},
  pages={355--366},
  year={2013},
  organization={ACM}
}

@inproceedings{Schuster2016EnhancedEU,
  title={Enhanced English Universal Dependencies: An Improved Representation for Natural Language Understanding Tasks},
  author={Sebastian Schuster and Christopher D. Manning},
  booktitle={LREC},
  year={2016}
}

@InProceedings{NIVRE16.348,
  author = {Joakim Nivre and Marie-Catherine de Marneffe and Filip Ginter and Yoav Goldberg and Jan Hajic and Christopher D. Manning and Ryan McDonald and Slav Petrov and Sampo Pyysalo and Natalia Silveira and Reut Tsarfaty and Daniel Zeman},
  title = {Universal Dependencies v1: A Multilingual Treebank Collection},
  booktitle = {Proceedings of the Tenth International Conference on Language Resources and Evaluation (LREC 2016)},
  year = {2016},
  month = {may},
  date = {23-28},
  location = {PortoroÅ¾, Slovenia},
  editor = {Nicoletta Calzolari (Conference Chair) and Khalid Choukri and Thierry Declerck and Sara Goggi and Marko Grobelnik and Bente Maegaard and Joseph Mariani and Helene Mazo and Asuncion Moreno and Jan Odijk and Stelios Piperidis},
  publisher = {European Language Resources Association (ELRA)},
  address = {Paris, France},
  isbn = {978-2-9517408-9-1},
  language = {english}
 }

@inproceedings{morstatter2013sample,
  title={Is the Sample Good Enough? Comparing Data from Twitter's Streaming API with Twitter's Firehose.},
  author={Morstatter, Fred and Pfeffer, J{\"u}rgen and Liu, Huan and Carley, Kathleen M},
  year={2013}
}

@unpublished{McCallumMALLET,
      author = "Andrew Kachites McCallum",
      title = "MALLET: A Machine Learning for Language Toolkit",
      note = "http://mallet.cs.umass.edu",
      year = 2002}

@inproceedings{martins2009summarization,
  title={Summarization with a joint model for sentence extraction and compression},
  author={Martins, Andr{\'e} FT and Smith, Noah A},
  booktitle={Proceedings of the Workshop on Integer Linear Programming for Natural Langauge Processing},
  ALTpages={1--9},
  year={2009},
  ALTorganization={Association for Computational Linguistics}
}

@inproceedings{filippova2008dependency,
  title={Dependency tree based sentence compression},
  author={Filippova, Katja and Strube, Michael},
  booktitle={Proceedings of the Fifth International Natural Language Generation Conference},
  ALTpages={25--32},
  year={2008},
  ALTorganization={Association for Computational Linguistics}
}

@inproceedings{belz2011first,
  title={The first surface realisation shared task: Overview and evaluation results},
  author={Belz, Anja and White, Michael and Espinosa, Dominic and Kow, Eric and Hogan, Deirdre and Stent, Amanda},
  booktitle={Proceedings of the 13th European workshop on natural language generation},
  ALTpages={217--226},
  year={2011},
  ALTorganization={Association for Computational Linguistics}
}

@article{clarke2008global,
  title={Global inference for sentence compression: An integer linear programming approach},
  author={Clarke, James and Lapata, Mirella},
  journal={Journal of Artificial Intelligence Research},
  volume={31},
  pages={399--429},
  year={2008}
}


@article{luhn1958automatic,
  title={The automatic creation of literature abstracts},
  author={Luhn, Hans Peter},
  journal={IBM Journal of research and development},
  volume={2},
  number={2},
  pages={159--165},
  year={1958},
  publisher={IBM}
}

@article{SandhausNYT,
    Author = {Sandhaus, Evan},
    Journal = {Linguistic Data Consortium},
    Title = {The {Ne}w {Y}ork {T}imes {A}nnotated {C}orpus},
    Volume = {LDC2008T19},
    Year = {2008}
}

@inproceedings{Chambers:2007:CTR:1557769.1557820,
 author = {Chambers, Nathanael and Wang, Shan and Jurafsky, Dan},
 title = {Classifying Temporal Relations Between Events},
 booktitle = {Proceedings of the 45th Annual Meeting of the ACL on Interactive Poster and Demonstration Sessions},
 series = {ACL '07},
 year = {2007},
 location = {Prague, Czech Republic},
 pages = {173--176},
 numpages = {4},
 url = {http://dl.acm.org/citation.cfm?id=1557769.1557820},
 acmid = {1557820},
 publisher = {Association for Computational Linguistics},
 address = {Stroudsburg, PA, USA},
}

@online{reddit,
    author={Baumgartner, Jason},
    title={Pushshift Reddit API Documentation},
    url = {https://medium.com/@jason_82699/pushshift-reddit-api-md-c2d70745c270},
    year = {2017}
}

@online{bailey,
    author = {Hitchcock,Tim and Shoemaker,Robert and Emsley,Clive and Howard,Sharon and McLaughlin,Jamie},
    title = {The Old Bailey Proceedings Online, 1674-1913},
    url = {www.oldbaileyonline.org},
    year = {2012}
}

@online{quartz,
  author = {Squirrell, Tim},
  title = {Linguistic data analysis of 3 billion Reddit comments shows the alt-right is getting stronger},
  year = 2017,
  url = {https://qz.com/1056319/what-is-the-alt-right},
  urldate = {2017-11-29}
}

@online{robinson,
  author = {Robinson, David},
  title = {Text analysis of Trump's tweets confirms he writes only the (angrier) Android half},
  year = 2016,
  url = {http://varianceexplained.org/r/trump-tweets/},
  urldate = {2017-11-29}
}

@article{PhysRev.72.26,
  title = {Ionization Yield of Radiations. II. The Fluctuations of the Number of Ions},
  author = {Fano, U.},
  journal = {Phys. Rev.},
  volume = {72},
  issue = {1},
  pages = {26--29},
  numpages = {0},
  year = {1947},
  month = {Jul},
  publisher = {American Physical Society},
  doi = {10.1103/PhysRev.72.26},
  url = {https://link.aps.org/doi/10.1103/PhysRev.72.26}
}


@inproceedings{Tombros:1998:AQB:290941.290947,
 author = {Tombros, Anastasios and Sanderson, Mark},
 title = {Advantages of Query Biased Summaries in Information Retrieval},
 booktitle = {Proceedings of the 21st Annual International ACM SIGIR Conference on Research and Development in Information Retrieval},
 series = {SIGIR '98},
 year = {1998},
 isbn = {1-58113-015-5},
 location = {Melbourne, Australia},
 pages = {2--10},
 numpages = {9},
 url = {http://doi.acm.org/10.1145/290941.290947},
 doi = {10.1145/290941.290947},
 acmid = {290947},
 publisher = {ACM},
 address = {New York, NY, USA},
}


@inproceedings{Blodgett2016DemographicDV,
  title={Demographic Dialectal Variation in Social Media: A Case Study of African-American English},
  author={Su Lin Blodgett and Lisa Green and Brendan T. O'Connor},
  booktitle={EMNLP},
  year={2016}
}

@inproceedings{Eisenstein2013WhatTD,
  title={What to do about bad language on the internet},
  author={Jacob Eisenstein},
  booktitle={HLT-NAACL},
  year={2013}
}

@inproceedings{falke2017graphdocexplore,
  title={GraphDocExplore: A Framework for the Experimental Comparison of Graph-based Document Exploration Techniques},
  author={Falke, Tobias and Gurevych, Iryna},
  booktitle={EMNLP: System Demonstrations},
  ALTpages={19--24},
  year={2017}
}


@inproceedings{ijcnlp17cmapmdsit,
    title = {Concept-Map-Based Multi-Document Summarization using Concept Coreference Resolution and Global Importance Optimization},
    author = {Falke, Tobias and Meyer, Christian M. and Gurevych, Iryna},
    booktitle = {Proceedings of the 8th International Joint Conference on Natural Language Processing},
    pages = {801-811},
    year = {2017},
    location = {Taipei, Taiwan}
}


@inproceedings{tdt,
author = {James Allan and Jaime Carbonell and George Doddington and Jonathan Yamron and Yiming Yang},
title = {Topic Detection and Tracking Pilot Study: Final Report},
year = {1998},
type = {IR},
}

@inproceedings{Dang2008OverviewOT,
  title={Overview of the TAC 2008 Update Summarization Task},
  author={Hoa Trang Dang and Karolina Owczarzak},
  booktitle={TAC},
  year={2008}
}

@inproceedings{Yang2012AFF,
  title={A framework for summarizing and analyzing twitter feeds},
  author={Xintian Yang and Amol Ghoting and Yiye Ruan and Srinivasan Parthasarathy},
  booktitle={KDD},
  year={2012}
}


@inproceedings{Nichols2012SummarizingSE,
  title={Summarizing sporting events using twitter},
  author={Jeffrey Nichols and Jalal Mahmud and Clemens Drews},
  booktitle={IUI},
  year={2012}
}


@inproceedings{Kedzie2015PredictingSU,
  title={Predicting Salient Updates for Disaster Summarization},
  author={Chris Kedzie and Kathleen McKeown and Fernando Diaz},
  booktitle={ACL},
  year={2015}
}

@inproceedings{hachey2009multi,
  title={Multi-document summarisation using generic relation extraction},
  author={Hachey, Ben},
  booktitle={Proceedings of the 2009 Conference on Empirical Methods in Natural Language Processing: Volume 1-Volume 1},
  pages={420--429},
  year={2009},
  organization={Association for Computational Linguistics}
}

@inproceedings{Filatova2004EventBasedES,
  title={Event-Based Extractive Summarization},
  author={Elena Filatova and Vasileios Hatzivassiloglou},
  year={2004}
}

@inproceedings{mirza2014annotating,
  title={Annotating causality in the TempEval-3 corpus},
  author={Mirza, Paramita and Sprugnoli, Rachele and Tonelli, Sara and Speranza, Manuela},
  year={2014}
}


@InProceedings{Chambers2008UnsupervisedLO,
  author =  "Chambers, Nathanael
        and Jurafsky, Dan",
  title =   "Unsupervised Learning of Narrative Event Chains",
  booktitle =   "Proceedings of ACL-08: HLT",
  year =    "2008",
  publisher =   "Association for Computational Linguistics",
  pages =   "789--797",
  location =    "Columbus, Ohio",
  url =     "http://www.aclweb.org/anthology/P08-1090"
}

@InProceedings{aguilar-EtAl:2014:W14-29,
  author    = {Aguilar, Jacqueline  and  Beller, Charley  and  McNamee, Paul  and  Van Durme, Benjamin  and  Strassel, Stephanie  and  Song, Zhiyi  and  Ellis, Joe},
  title     = {A Comparison of the Events and Relations Across ACE, ERE, TAC-KBP, and FrameNet Annotation Standards},
  booktitle = {Proceedings of the Second Workshop on EVENTS: Definition, Detection, Coreference, and Representation},
  month     = {June},
  year      = {2014},
  address   = {Baltimore, Maryland, USA},
  publisher = {Association for Computational Linguistics},
  pages     = {45--53},
  url       = {http://www.aclweb.org/anthology/W/W14/W14-2907}
}



@article{pustejovsky1991syntax,
  title={The syntax of event structure},
  author={Pustejovsky, James},
  journal={Cognition},
  volume={41},
  number={1},
  pages={47--81},
  year={1991},
  publisher={Elsevier}
}

@inproceedings{lin2000automated,
  title={The automated acquisition of topic signatures for text summarization},
  author={Lin, Chin-Yew and Hovy, Eduard},
  booktitle={Proceedings of the 18th conference on Computational linguistics-Volume 1},
  pages={495--501},
  year={2000},
  organization={Association for Computational Linguistics}
}


@inproceedings{Harabagiu:2005:TTM:1076034.1076071,
 author = {Harabagiu, Sanda and Lacatusu, Finley},
 title = {Topic Themes for Multi-document Summarization},
 booktitle = {Proceedings of the 28th Annual International ACM SIGIR Conference on Research and Development in Information Retrieval},
 series = {SIGIR '05},
 year = {2005},
 isbn = {1-59593-034-5},
 location = {Salvador, Brazil},
 pages = {202--209},
 numpages = {8},
 url = {http://doi.acm.org/10.1145/1076034.1076071},
 doi = {10.1145/1076034.1076071},
 acmid = {1076071},
 publisher = {ACM},
 address = {New York, NY, USA},
 keywords = {summarization, topic themes},
}



@InProceedings{Stanovsky2016EMNLP,
  author    = {Gabriel Stanovsky and Ido Dagan},
  title     = {Creating a Large Benchmark for Open Information Extraction},
  booktitle = {Proceedings of the 2016 Conference on Empirical Methods in Natural Language Processing (EMNLP)},
  month     = {November},
  year      = {2016},
  address   = {Austin, Texas},
  publisher = {Association for Computational Linguistics},
  pages     = {(to appear)},
}

@InProceedings{iwcs17,
    author = {Falke, Tobias and Gurevych, Iryna},
    title = {Utilizing Automatic Predicate-Argument Analysis for Concept Map Mining},
    booktitle = {Proceedings of the 12th International Conference on Computational Semantics (IWCS)},
    year = {2017},
    location = {Montpellier, France}
}


@book{Zipf35,
  address    = {Cambridge, Mass.},
  author     = {Zipf, George},
  publisher  = {M.I.T. Press},
  title      = {The Psychobiology of Language: An Introduction to Dynamic Philology},
  year       = {1935},
  iso_code   = {},
  olac_field = {},
  wals_code  = {}
}

@book{Zipf49,
  added-at = {2010-03-31T13:53:02.000+0200},
  author = {Zipf, George K.},
  biburl = {https://www.bibsonomy.org/bibtex/2d5a398536bbb5fb604921a25139ec4c5/cbrewster},
  interhash = {40ccbeb29c6f9ea70c5bd9f787bc3d86},
  intrahash = {d5a398536bbb5fb604921a25139ec4c5},
  keywords = {},
  publisher = {Addison-Wesley},
  timestamp = {2010-03-31T13:53:02.000+0200},
  title = {Human Behaviour and the Principle of Least Effort},
  year = 1949
}

@inproceedings{hajivc2009conll,
  title={The CoNLL-2009 shared task: Syntactic and semantic dependencies in multiple languages},
  author={Haji{\v{c}}, Jan and Ciaramita, Massimiliano and Johansson, Richard and Kawahara, Daisuke and Mart{\'\i}, Maria Ant{\`o}nia and M{\`a}rquez, Llu{\'\i}s and Meyers, Adam and Nivre, Joakim and Pad{\'o}, Sebastian and {\v{S}}t{\v{e}}p{\'a}nek, Jan and others},
  booktitle={Proceedings of the Thirteenth Conference on Computational Natural Language Learning: Shared Task},
  pages={1--18},
  year={2009},
  organization={Association for Computational Linguistics}
}

@misc{Sprouse,
      title = {Acceptability Judgments},
      author = {Sprouse, John},
      howpublished = {\url{http://www.oxfordbibliographies.com/view/document/obo-9780199772810/obo-9780199772810-0097.xml}},
      note = {Accessed: 2018-01-01}
}

@article{stanovsky2016getting,
  title={Getting More Out Of Syntax with PropS},
  author={Stanovsky, Gabriel and Ficler, Jessica and Dagan, Ido and Goldberg, Yoav},
  journal={arXiv preprint arXiv:1603.01648},
  year={2016}
}

@inproceedings{Banko2007OpenIE,
  title={Open Information Extraction from the Web},
  author={Michele Banko and Michael J. Cafarella and Stephen Soderland and Matthew Broadhead and Oren Etzioni},
  booktitle={IJCAI},
  year={2007}
}

@inproceedings{falke2017utilizing,
  title={Utilizing Automatic Predicate-Argument Analysis for Concept Map Mining},
  author={Falke, Tobias and Gurevych, Iryna},
  booktitle={IWCS 2017â€”12th International Conference on Computational Semanticsâ€”Short papers},
  year={2017}
}

@inproceedings{Angeli2015LeveragingLS,
  title={Leveraging Linguistic Structure For Open Domain Information Extraction},
  author={Gabor Angeli and Melvin Jose Johnson Premkumar and Christopher D. Manning},
  booktitle={ACL},
  year={2015}
}

@inproceedings{IR-948,
  year = { 2013 },
  title = { Relation Extraction with Matrix Factorization and Universal Schemas },
  timestamp = { Wed, 05 Apr 2017 12:53:50 +0200 },
  publisher = { The Association for Computational Linguistics },
  pages = { 74--84 },
  url = { http://aclweb.org/anthology/N/N13/N13-1008.pdf },
  editor = { Lucy Vanderwende and Hal Daum{\'{e}} III and Katrin Kirchhoff },
  booktitle = { Human Language Technologies: Conference of the North American Chapter of the Association of Computational Linguistics, Proceedings, June 9-14, 2013, Westin Peachtree Plaza Hotel, Atlanta, Georgia, {USA} },
  biburl = { http://dblp.org/rec/bib/conf/naacl/RiedelYMM13 },
  bibsource = { dblp computer science bibliography, http://dblp.org },
  author = { Sebastian Riedel and Limin Yao and Andrew McCallum and Benjamin M. Marlin },
}

@inproceedings{ollie-emnlp12,
  author = {Mausam and Michael Schmitz and Robert Bart and Stephen Soderland and Oren Etzioni},
  title = {Open Language Learning for Information Extraction},
  booktitle = {Proceedings of Conference on Empirical Methods in Natural Language Processing and Computational Natural Language Learning (EMNLP-CONLL)},
  year = {2012}
}

@inproceedings{ReVerb2011,
  author =   {Anthony Fader and Stephen Soderland and Oren Etzioni},
  title =    {Identifying Relations for Open Information Extraction},
  booktitle =    {Proceedings of the Conference of Empirical Methods
                  in Natural Language Processing ({EMNLP} '11)},
  year =     {2011},
  month =    {July 27-31},
  address =  {Edinburgh, Scotland, UK}
}

@inproceedings{Kneser1995ImprovedBF,
  title={Improved backing-off for M-gram language modeling},
  author={Reinhard Kneser and Hermann Ney},
  booktitle={ICASSP},
  year={1995}
}

@article{lei2016rationalizing,
  title={Rationalizing neural predictions},
  author={Lei, Tao and Barzilay, Regina and Jaakkola, Tommi},
  journal={arXiv preprint arXiv:1606.04155},
  year={2016}
}

@book{deeplearningbook,
    title={Deep Learning},
    author={Ian Goodfellow and Yoshua Bengio and Aaron Courville},
    publisher={MIT Press},
    note={\url{http://www.deeplearningbook.org}},
    year={2016}
}

@inproceedings{pithy,
author = {Toutanova, Kristina and Brockett, Chris and Gamon, Michael and Jagarlamundi, Jagadeesh and Suzuki, Hisami and Vanderwende, Lucy},
title = {The Pythy Summarization System: Microsoft Research at DUC 2007},
booktitle = {Proceedings of DUC-2007},
year = {2007},
month = {April},
publisher = {Association for Computational Linguistics},
url = {https://www.microsoft.com/en-us/research/publication/the-pythy-summarization-system-microsoft-research-at-duc-2007/},
address = {},
pages = {},
journal = {},
volume = {},
chapter = {},
isbn = {},
}


@inproceedings{berg2011jointly,
  title={Jointly learning to extract and compress},
  author={Berg-Kirkpatrick, Taylor and Gillick, Dan and Klein, Dan},
  booktitle={Proceedings of the 49th Annual Meeting of the Association for Computational Linguistics: Human Language Technologies-Volume 1},
  pages={481--490},
  year={2011},
  organization={Association for Computational Linguistics}
}

@inproceedings{Turner,
 author = {Turner, Jenine and Charniak, Eugene},
 title = {Supervised and Unsupervised Learning for Sentence Compression},
 booktitle = {Proceedings of the 43rd Annual Meeting on Association for Computational Linguistics},
 series = {ACL '05},
 year = {2005},
 location = {Ann Arbor, Michigan},
 pages = {290--297},
 numpages = {8},
 url = {https://doi.org/10.3115/1219840.1219876},
 doi = {10.3115/1219840.1219876},
 acmid = {1219876},
 publisher = {Association for Computational Linguistics},
 address = {Stroudsburg, PA, USA},
}

@inproceedings{Knight2000StatisticsBasedS,
  title={Statistics-Based Summarization - Step One: Sentence Compression},
  author={Kevin Knight and Daniel Marcu},
  booktitle={AAAI/IAAI},
  year={2000}
}

@article{knight2002summarization,
  title={Summarization beyond sentence extraction: A probabilistic approach to sentence compression},
  author={Knight, Kevin and Marcu, Daniel},
  journal={Artificial Intelligence},
  volume={139},
  number={1},
  pages={91--107},
  year={2002},
  publisher={Elsevier}
}


@article{marchionini2006exploratory,
 author = {Marchionini, Gary},
 title = {Exploratory Search: From Finding to Understanding},
 journal = {Commun. ACM},
 issue_date = {April 2006},
 volume = {49},
 number = {4},
 month = apr,
 year = {2006},
 ALTissn = {0001-0782},
 ALTpages = {41--46},
 numpages = {6},
 ALRurl = {http://doi.acm.org/10.1145/1121949.1121979},
 ALTdoi = {10.1145/1121949.1121979},
 ALTacmid = {1121979},
 ALTpublisher = {ACM},
 ALTaddress = {New York, NY, USA},
}

@InProceedings{liang_squad,
  author    = {Jia, Robin  and  Liang, Percy},
  title     = {Adversarial Examples for Evaluating Reading Comprehension Systems},
  booktitle = {EMNLP},
  month     = {September},
  year      = {2017},
  address   = {Copenhagen, Denmark},
  ALTpublisher = {Association for Computational Linguistics},
  ALTpages     = {2021--2031},
  url       = {https://www.aclweb.org/anthology/D17-1215}
}

@InProceedings{chen_CNN,
  author    = {Chen, Danqi  and  Bolton, Jason  and  Manning, Christopher D.},
  title     = {A Thorough Examination of the CNN/Daily Mail Reading Comprehension Task},
  booktitle = {ACL},
  month     = {August},
  year      = {2016},
  ALTaddress   = {Berlin, Germany},
  ALTpublisher = {Association for Computational Linguistics},
  ALTpages     = {2358--2367},
  ALTurl       = {http://www.aclweb.org/anthology/P16-1223}
}

@inproceedings{snli_bowman,
  Author = {Bowman, Samuel R. and Angeli, Gabor and Potts, Christopher, and Manning, Christopher D.},
  Booktitle = {EMNLP},
  ALTPublisher = {Association for Computational Linguistics},
  Title = {A large annotated corpus for learning natural language inference},
  Year = {2015}
}



@InProceedings{annotation_artifacts_snli,
  author =  "Gururangan, Suchin
    and Swayamdipta, Swabha
    and Levy, Omer
    and Schwartz, Roy
    and Bowman, Samuel
    and Smith, Noah A.",
  title =   "Annotation Artifacts in Natural Language Inference Data",
  booktitle =   "NAACL",
  year =  "2018",
  ALTpublisher =   "Association for Computational Linguistics",
  ALTpages =   "107--112",
  ALTlocation =  "New Orleans, Louisiana",
  url =   "http://aclweb.org/anthology/N18-2017"
}


@article{gorg2014reflections,
  title={Reflections on the evolution of the Jigsaw visual analytics system},
  author={G{\"o}rg, Carsten and Liu, Zhicheng and Stasko, John},
  journal={Information Visualization},
  volume={13},
  number={4},
  pages={336--345},
  year={2014},
  publisher={Sage Publications Sage UK: London, England}
}

@article{stray2017networks,
   title={Network Analysis in Journalism: Practices and Possibilities. What kinds of network analysis do journalists do, and what kinds could they do if they had better tech},
   year={2017},
   author={Stray, Jonathan},
   booktitle={Workshop on Data Science + Journalism at KDD}
}

@inproceedings{wright2009palantir,
  title={Palantir: A visualization platform for real-world analysis},
  author={Wright, Brandon and Payne, Jason and Steckman, Matthew and Stevson, Scott},
  booktitle={Visual Analytics Science and Technology, 2009. VAST 2009. IEEE Symposium on},
  pages={249--250},
  year={2009},
  organization={IEEE}
}

@article{spmf, author = {Fournier-Viger, P. and Gomariz, A. and Gueniche, T. and Soltani, A. and Wu., C. and Tseng, V. S.}, journal = {Journal of Machine Learning Research (JMLR)}, pages = {3389--3393}, title = {{SPMF: a Java Open-Source Pattern Mining Library}}, year = {2014}, volume = {15}, url = {http://www.philippe-fournier-viger.com/spmf/} }


@inproceedings{hossain2012storytelling,
  title={Storytelling in entity networks to support intelligence analysts},
  author={Hossain, M Shahriar and Butler, Patrick and Boedihardjo, Arnold P and Ramakrishnan, Naren},
  booktitle={Proceedings of the 18th ACM SIGKDD international conference on Knowledge discovery and data mining},
  pages={1375--1383},
  year={2012},
  organization={ACM}
}

@inproceedings{Heafield-kenlm,
  author = {Kenneth Heafield},
  title = {{KenLM:} Faster and Smaller Language Model Queries},
  year = {2011},
  month = {July},
  booktitle = {EMNLP: Sixth Workshop on Statistical Machine Translation},
  ALTaddress = {Edinburgh, Scotland, United Kingdom},
  ALTpages = {187--197},
  ALTurl = {https://kheafield.com/papers/avenue/kenlm.pdf},
}

@article{wang2016sentence,
  title={A sentence compression based framework to query-focused multi-document summarization},
  author={Wang, Lu and Raghavan, Hema and Castelli, Vittorio and Florian, Radu and Cardie, Claire},
  journal={arXiv preprint arXiv:1606.07548},
  year={2013}
}


@article{Wu2014UncoveringTP,
  title={Uncovering the plot: detecting surprising coalitions of entities in multi-relational schemas},
  author={Hao Wu and Jilles Vreeken and Nikolaj Tatti and Naren Ramakrishnan},
  journal={Data Mining and Knowledge Discovery},
  year={2014},
  volume={28},
  pages={1398-1428}
}

@inproceedings{Zaki2002CHARMAE,
  title={CHARM: An Efficient Algorithm for Closed Itemset Mining},
  author={Mohammed J. Zaki and Ching-Jiu Hsiao},
  booktitle={SDM},
  year={2002}
}


@inproceedings{Nenkova2012ASO,
  title={A Survey of Text Summarization Techniques},
  author={Ani Nenkova and Kathleen McKeown},
  booktitle={Mining Text Data},
  year={2012}
}


@inproceedings{Handler17,
author = {Handler, Abram and O'Connor, Brendan},
title = {Rookie: A unique approach for exploring news archives},
booktitle = {Workshop on Data Science + Journalism at KDD 2017},
year = 2017,
address = {Halifax, Canda},
}

@article{Zhang,
 author = {Zhang, Amy X. and Cranshaw, Justin},
 title = {Making Sense of Group Chat Through Collaborative Tagging and Summarization},
 journal = {Proc. ACM Hum.-Comput. Interact.},
 date = {November 2018},
 volume = {2},
 number = {CSCW},
 month = nov,
 year = {2018},
 issn = {2573-0142},
 pages = {196:1--196:27},
 articleno = {196},
 numpages = {27},
 url = {http://doi.acm.org/10.1145/3274465},
 doi = {10.1145/3274465},
 acmid = {3274465},
 publisher = {ACM},
 address = {New York, NY, USA},
 keywords = {annotation, collaboration, group chat, knowledge management, online communities, online discussions, sensemaking, summarization, tagging},
} 

@TECHREPORT{orme,
    Title={MaxDiff Analysis: Simple Counting, Individual-Level Logit, and HB},
    Author={Orme, Bryan},
    Institution={Sawtooth Software},
    Year={2009}
}

@inproceedings{Kiritchenko2017BestWorstSM,
  title={Best-Worst Scaling More Reliable than Rating Scales: A Case Study on Sentiment Intensity Annotation},
  author={Svetlana Kiritchenko and Saif Mohammad},
  booktitle={ACL},
  year={2017}
}

@inproceedings{bws2016,
  title={Capturing Reliable Fine-Grained Sentiment Associations by Crowdsourcing and Best--Worst Scaling},
  author={Kiritchenko, Svetlana and Mohammad, Saif M.},
    booktitle={Proceedings of The 15th Annual Conference of the North American Chapter of the Association for Computational Linguistics: Human Language Technologies (NAACL)},
    year={2016},
    address={San Diego, California}
}

@TECHREPORT{louviere_91,
  Author =    {Louviere, J.J.},
  Title =        {Best-Worst Scaling: A Model for the Largest Difference Judgments},
  Institution =   {University of Alberta},
  Year = {1991}
}

@inproceedings{emnlp2017conceptmaps,
    Author = {Falke, Tobias and Gurevych, Iryna},
    Booktitle = {Proceedings of the 2017 conference on empirical methods in natural language processing},
    Title = {Bringing Structure into Summaries: Crowdsourcing a Benchmark Corpus of Concept Maps},
    Year = {2017}
}


@inbook{novak_gowin_kahle_1984, place={Cambridge}, title={Concept mapping for meaningful learning}, DOI={10.1017/CBO9781139173469.004}, booktitle={Learning How to Learn}, publisher={Cambridge University Press}, author={Novak, Joseph D. and Gowin, D. Bob and Kahle, Jane Butler}, year={1984}, pages={15â€“54}}

@article{Gigaword3,
    Author = {Robert Parker and David Graff and Junbo Kong and Ke Chen and Kazuaki Maeda},
    Journal = {Linguistic Data Consortium},
    Title = {English {G}igaword Third Edition},
    Year = {2003}}

@InProceedings{pighin2014modellingET,
  author    = {Pighin, Daniele  and  Cornolti, Marco  and  Alfonseca, Enrique  and  Filippova, Katja},
  title     = {Modelling Events through Memory-based, Open-IE Patterns for Abstractive Summarization},
  booktitle = {Proceedings of the 52nd Annual Meeting of the Association for Computational Linguistics (Volume 1: Long Papers)},
  month     = {June},
  year      = {2014},
  address   = {Baltimore, Maryland},
  publisher = {Association for Computational Linguistics},
  pages     = {892--901},
  url       = {http://www.aclweb.org/anthology/P/P14/P14-1084}
}


@inproceedings{zhang2013harvesting,
  title={Harvesting Parallel News Streams to Generate Paraphrases of Event Relations.},
  author={Zhang, Congle and Weld, Daniel S},
  booktitle={EMNLP},
  pages={1776--1786},
  year={2013}
}

@inproceedings{heady,
title = {HEADY: News headline abstraction through event pattern clustering},
author  = {Enrique Alfonseca and Daniele Pighin and Guillermo Garrido},
year  = {2013},
booktitle = {Proceedings of ACL-2013}
}

@inproceedings{Bach2007ARO,
  title={A Review of Relation Extraction},
  author={Nguyen Bach and Sameer Badaskar},
  year={2007}
}

@inproceedings{hovy2013events,
  title={Events are not simple: Identity, non-identity, and quasi-identity},
  author={Hovy, Eduard and Mitamura, Teruko and Verdejo, Felisa and Araki, Jun and Philpot, Andrew},
  booktitle={NAACL HLT},
  volume={2013},
  pages={21},
  year={2013}
}

@inproceedings{maccartney2009extended,
  title={An extended model of natural logic},
  author={MacCartney, Bill and Manning, Christopher D},
  booktitle={Proceedings of the eighth international conference on computational semantics},
  pages={140--156},
  year={2009},
  organization={Association for Computational Linguistics}
}

@inproceedings{mirkin2010assessing,
  title={Assessing the role of discourse references in entailment inference},
  author={Mirkin, Shachar and Dagan, Ido and Pad{\'o}, Sebastian},
  booktitle={Proceedings of the 48th Annual Meeting of the Association for Computational Linguistics},
  pages={1209--1219},
  year={2010},
  organization={Association for Computational Linguistics}
}

@inproceedings{bowman_entailment,
	Author = {Bowman, Samuel R. and Angeli, Gabor and Potts, Christopher, and Manning, Christopher D.},
	Booktitle = {Proceedings of the 2015 Conference on Empirical Methods in Natural Language Processing (EMNLP)},
	Publisher = {Association for Computational Linguistics},
	Title = {A large annotated corpus for learning natural language inference},
	Year = {2015}
}


@inproceedings{hearst1992automatic,
  title={Automatic acquisition of hyponyms from large text corpora},
  author={Hearst, Marti A},
  booktitle={Proceedings of the 14th conference on Computational linguistics-Volume 2},
  pages={539--545},
  year={1992},
  organization={Association for Computational Linguistics}
}

@article{serban2016generating,
  title={Generating factoid questions with recurrent neural networks: The 30m factoid question-answer corpus},
  author={Serban, Iulian Vlad and Garc{\'\i}a-Dur{\'a}n, Alberto and Gulcehre, Caglar and Ahn, Sungjin and Chandar, Sarath and Courville, Aaron and Bengio, Yoshua},
  journal={arXiv preprint arXiv:1603.06807},
  year={2016}
}

@inproceedings{swampillai2011extracting,
  title={Extracting Relations Within and Across Sentences.},
  author={Swampillai, Kumutha and Stevenson, Mark},
  year={2011}
}

@article{riedel2010modeling,
  title={Modeling relations and their mentions without labeled text},
  author={Riedel, Sebastian and Yao, Limin and McCallum, Andrew},
  journal={Machine learning and knowledge discovery in databases},
  pages={148--163},
  year={2010},
  publisher={Springer}
}

@article{yates2009unsupervised,
  title={Unsupervised methods for determining object and relation synonyms on the web},
  author={Yates, Alexander Pieter and Etzioni, Oren},
  journal={Journal of Artificial Intelligence Research},
  year={2009}
}

@article{kolesnyk2016generating,
  title={Generating Natural Language Inference Chains},
  author={Kolesnyk, Vladyslav and Rockt{\"a}schel, Tim and Riedel, Sebastian},
  journal={arXiv preprint arXiv:1606.01404},
  year={2016}
}

@article{sammons2011recognizing,
  title={Recognizing textual entailment},
  author={Sammons, Mark and Vydiswaran, V and Roth, Dan}
}

@article{neelakantan2015compositional,
  title={Compositional vector space models for knowledge base completion},
  author={Neelakantan, Arvind and Roth, Benjamin and McCallum, Andrew},
  journal={arXiv preprint arXiv:1504.06662},
  year={2015}
}

@article{das2016chains,
  title={Chains of Reasoning over Entities, Relations, and Text using Recurrent Neural Networks},
  author={Das, Rajarshi and Neelakantan, Arvind and Belanger, David and McCallum, Andrew},
  journal={arXiv preprint arXiv:1607.01426},
  year={2016}
}

@inproceedings{yao2012unsupervised,
  title={Unsupervised relation discovery with sense disambiguation},
  author={Yao, Limin and Riedel, Sebastian and McCallum, Andrew},
  booktitle={Proceedings of the 50th Annual Meeting of the Association for Computational Linguistics: Long Papers-Volume 1},
  pages={712--720},
  year={2012},
  organization={Association for Computational Linguistics}
}

@inproceedings{hendrickx2009semeval,
  title={Semeval-2010 task 8: Multi-way classification of semantic relations between pairs of nominals},
  author={Hendrickx, Iris and Kim, Su Nam and Kozareva, Zornitsa and Nakov, Preslav and {\'O} S{\'e}aghdha, Diarmuid and Pad{\'o}, Sebastian and Pennacchiotti, Marco and Romano, Lorenza and Szpakowicz, Stan},
  booktitle={Proceedings of the Workshop on Semantic Evaluations: Recent Achievements and Future Directions},
  pages={94--99},
  year={2009},
  organization={Association for Computational Linguistics}
}

@article{riedel2013relation,
  title={Relation extraction with matrix factorization and universal schemas},
  author={Riedel, Sebastian and Yao, Limin and McCallum, Andrew and Marlin, Benjamin M},
  year={2013}
}

@inproceedings{Rao2016BiomedicalEE,
  title={Biomedical event extraction using Abstract Meaning Representation},
  author={Sudha Rao and Daniel Marcu and Kevin Knight and Hal Daum{\'e}},
  year={2016}
}

@inproceedings{Surdeanu2012MultiinstanceML,
  title={Multi-instance Multi-label Learning for Relation Extraction},
  author={Mihai Surdeanu and Julie Tibshirani and Ramesh Nallapati and Christopher D. Manning},
  booktitle={EMNLP-CoNLL},
  year={2012}
}

@inproceedings{Lu2009RatedAS,
  title={Rated aspect summarization of short comments},
  author={Yue Lu and ChengXiang Zhai and Neel Sundaresan},
  booktitle={WWW},
  year={2009}
}

@inproceedings{Lin2016NeuralRE,
  title={Neural Relation Extraction with Selective Attention over Instances},
  author={Yankai Lin and Shiqi Shen and Zhiyuan Liu and Huanbo Luan and Maosong Sun},
  booktitle={ACL},
  year={2016}
}

@inproceedings{Hoffmann2011KnowledgeBasedWS,
  title={Knowledge-Based Weak Supervision for Information Extraction of Overlapping Relations},
  author={Raphael Hoffmann and Congle Zhang and Xiao Ling and Luke S. Zettlemoyer and Daniel S. Weld},
  booktitle={ACL},
  year={2011}
}

@article{linzen2018reliability,
  title={The reliability of acceptability judgments across languages},
  author={Linzen, Tal and Oseki, Yohei},
  journal={Glossa: {A} journal of general linguistics},
  volume={3},
  number={1},
  year={2018},
  publisher={Ubiquity Press}
}


@article{phillips2011grammatical,
  title={Grammatical illusions and selective fallibility in real-time language comprehension},
  author={Phillips, Colin and Wagers, Matthew W and Lau, Ellen F},
  journal={Experiments at the Interfaces},
  volume={37},
  pages={147--180},
  year={2011},
  publisher={Emerald Bingley, UK}
}

@InProceedings{rush2015neural,
  author =  "Rush, Alexander M.
    and Chopra, Sumit
    and Weston, Jason",
  title =   "A Neural Attention Model for Abstractive Sentence Summarization",
  booktitle =   "EMNLP",
  year =  "2015",
  ALTpublisher =   "Association for Computational Linguistics",
  ALTpages =   "379--389",
  location =  "Lisbon, Portugal",
  doi =   "10.18653/v1/D15-1044",
  url =   "http://www.aclweb.org/anthology/D15-1044"
}


@inproceedings{Nenkova2012ASO,
  title={A Survey of Text Summarization Techniques},
  author={Ani Nenkova and Kathleen McKeown},
  booktitle={Mining Text Data},
  year={2012}
}

@inproceedings{Chopra2016AbstractiveSS,
  title={Abstractive Sentence Summarization with Attentive Recurrent Neural Networks},
  author={Sumit Chopra and Michael Auli and Alexander M. Rush},
  booktitle={HLT-NAACL},
  year={2016}
}

@article{Dumitrache2017CrowdsourcingGT,
  title={Crowdsourcing Ground Truth for Medical Relation Extraction},
  author={Anca Dumitrache and Lora Aroyo and Christopher A. Welty},
  journal={CoRR},
  year={2017},
  volume={abs/1701.02185}
}

@inproceedings{snowball,
  title={Snowball: extracting relations from large plain-text collections},
  author={Eugene Agichtein and Luis Gravano},
  booktitle={ACM DL},
  year={2000}
}

@inproceedings{Brin1998ExtractingPA,
  title={Extracting Patterns and Relations from the World Wide Web},
  author={Sergey Brin},
  booktitle={WebDB},
  year={1998}
}

@inproceedings{schmitz2012open,
  title={Open language learning for information extraction},
  author={Schmitz, Michael and Bart, Robert and Soderland, Stephen and Etzioni, Oren and others},
  booktitle={Proceedings of the 2012 Joint Conference on Empirical Methods in Natural Language Processing and Computational Natural Language Learning},
  pages={523--534},
  year={2012},
  organization={Association for Computational Linguistics}
}


@inproceedings{fader2011identifying,
  title={Identifying relations for open information extraction},
  author={Fader, Anthony and Soderland, Stephen and Etzioni, Oren},
  booktitle={Proceedings of the Conference on Empirical Methods in Natural Language Processing},
  pages={1535--1545},
  year={2011},
  organization={Association for Computational Linguistics}
}


@TECHREPORT{louviere_91,
    Author =    {Louviere, J.J.},
    Title =        {Best-Worst Scaling: A Model for th    e Largest Difference Judgments},
    Institution =   {University of Alberta},
    Year = {1991}
}

@inproceedings{bws2016,
  title={Capturing Reliable Fine-Grained Sentiment Associations by Crowdsourcing and Best--Worst Scaling},
  author={Kiritchenko, Svetlana and Mohammad, Saif M.},
    booktitle={Proceedings of The 15th Annual Conference of the North American Chapter of the Association for Computational Linguistics: Human Language Technologies (NAACL)},
    year={2016},
    address={San Diego, California}
}

@inproceedings{Kiritchenko2017BestWorstSM,
    title={Best-Worst Scaling More Reliable than Rating Scales: A Case Study on Sentiment Intensity Annotation},
    author={Svetlana Kiritchenko and Saif Mohammad},
    booktitle={ACL},
    year={2017}
 }

@article{Hochreiter:1997:LSM:1246443.1246450,
 author = {Hochreiter, Sepp and Schmidhuber, J\"{u}rgen},
 title = {Long Short-Term Memory},
 journal = {Neural Comput.},
 issue_date = {November 15, 1997},
 volume = {9},
 number = {8},
 month = nov,
 year = {1997},
 issn = {0899-7667},
 pages = {1735--1780},
 numpages = {46},
 url = {http://dx.doi.org/10.1162/neco.1997.9.8.1735},
 doi = {10.1162/neco.1997.9.8.1735},
 acmid = {1246450},
 publisher = {MIT Press},
 address = {Cambridge, MA, USA},
}


@article{bengio2003neural,
  title={A neural probabilistic language model},
  author={Bengio, Yoshua and Ducharme, R{\'e}jean and Vincent, Pascal and Jauvin, Christian},
  journal={Journal of machine learning research},
  volume={3},
  number={Feb},
  pages={1137--1155},
  year={2003}
}

@article{nenkova2011automatic,
  title={Automatic summarization},
  author={Nenkova, Ani and McKeown, Kathleen and others},
  journal={Foundations and Trends in Information Retrieval},
  volume={5},
  number={2--3},
  pages={103--233},
  year={2011},
  publisher={Now Publishers, Inc.}
}


@inproceedings{Nenkova2012ASO,
    title={A Survey of Text Summarization Techniques},
    author={Ani Nenkova and Kathleen McKeown},
    booktitle={Mining Text Data},
    year={2012}
 }

@inproceedings{martins2009summarization,
  title={Summarization with a joint model for sentence extraction and compression},
  author={Martins, Andr{\'e} FT and Smith, Noah A},
  booktitle={Proceedings of the Workshop on Integer Linear Programming for Natural Langauge Processing},
  pages={1--9},
  year={2009},
  organization={Association for Computational Linguistics}
}

@article{vanderwende2007beyond,
  title={Beyond SumBasic: Task-focused summarization with sentence simplification and lexical expansion},
  author={Vanderwende, Lucy and Suzuki, Hisami and Brockett, Chris and Nenkova, Ani},
  journal={Information Processing \& Management},
  volume={43},
  number={6},
  pages={1606--1618},
  year={2007},
  publisher={Elsevier}
}

@techreport{das,
    Author = {Das, Dipanjan and Martins, Andr\'{e} F. T.},
    Institution = {Literature Survey for the Language and Statistics II course at Carnegie Mellon University},
    Title = {A Survey on Automatic Text Summarization},
    Year = {2007}
}

@inproceedings{filippova2015sentence,
  title={Sentence Compression by Deletion with \textsc{LSTM}s},
  author={Filippova, Katja and Alfonseca, Enrique and Colmenares, Carlos A and Kaiser, Lukasz and Vinyals, Oriol},
  booktitle={EMNLP},
  year={2015}
}

@article{Kingma2014AdamAM,
  title={Adam: A Method for Stochastic Optimization},
  author={Diederik P. Kingma and Jimmy Ba},
  journal={CoRR},
  year={2014},
  volume={abs/1412.6980v9}
}

@inproceedings{Tai2015ImprovedSR,
  title={Improved Semantic Representations From Tree-Structured Long Short-Term Memory Networks},
  author={Kai Sheng Tai and Richard Socher and Christopher D. Manning},
  booktitle={ACL},
  year={2015}
}

@inproceedings{Dyer2016RecurrentNN,
  title={Recurrent Neural Network Grammars},
  author={Chris Dyer and Adhiguna Kuncoro and Miguel Ballesteros and Noah A. Smith},
  booktitle={NAACL},
  year={2016}
}

@inproceedings{Aharoni2017TowardsSN,
  title={Towards String-to-Tree Neural Machine Translation},
  author={Roee Aharoni and Yoav Goldberg},
  booktitle={ACL},
  year={2017}
}

@misc{gurobi,
   author = "Gurobi Optimization, LLC",
   title = "Gurobi Optimizer Reference Manual",
   year = 2018,
   url = "http://www.gurobi.com"
 }

@inproceedings{Pitler2014MethodsFS,
  title={Methods for Sentence Compression},
  author={Emily Pitler},
  year={2014}
}

@inproceedings{clarke2006models,
  title={Models for sentence compression: A comparison across domains, training requirements and evaluation measures},
  author={Clarke, James and Lapata, Mirella},
  booktitle={Proceedings of the 21st International Conference on Computational Linguistics and the 44th annual meeting of the Association for Computational Linguistics},
  pages={377--384},
  year={2006},
  organization={Association for Computational Linguistics}
}

@inproceedings{beauchamp,
   title={Mapping Conceptual Networks},
   author={Beauchamp, Nick and Shugars, Sarah and Levine, Peter},
   year={2017},
   booktitle={Text as Data Conference}
}

@inproceedings{goldberg2013dataset,
  title={A Dataset of Syntactic-Ngrams over Time from a Very Large Corpus of English Books},
  author={Yoav Goldberg and Jon Orwant},
  booktitle={*SEM@NAACL-HLT},
  year={2013}
}


@phdthesis{o2014statistical,
  title={Statistical Text Analysis for Social Science},
  author={O'Connor, Brendan T},
  year={2014},
  school={Carnegie Mellon University}
}

@inproceedings{stray2017networks,
   title={Network Analysis in Journalism: Practices and Possibilities},
   booktitle={Workshop on Data Science + Journalism at KDD},
   year={2017},
   author={Stray, Jonathan},
}

@article{harrison2017rationalization,
  title={Rationalization: A Neural Machine Translation Approach to Generating Natural Language Explanations},
  author={Harrison, Brent and Ehsan, Upol and Riedl, Mark O},
  journal={arXiv preprint arXiv:1702.07826},
  year={2017}
}

@inproceedings{bammansmith,
   title="Open Extraction of Fine-Grained Political Statements",
   author={Bamman, David and Smith, Noah},
   year={2015},
   booktitle={EMNLP}
}

@inproceedings{kim2016MMD,
  title={Examples are not Enough, Learn to Criticize! {C}riticism for Interpretability},
  author={Been Kim and Rajiv Khanna and Sanmi Koyejo },
  booktitle={Advances in Neural Information Processing Systems},
  year={2016}
}

@article{o2013learning,
  title={Learning to extract international relations from political context},
  author={O'Connor, Brendan and Stewart, Brandon and Smith, Noah A},
  booktitle = {ACL},
  year={2013}
}

@article{doshi2017roadmap,
  title={A Roadmap for a Rigorous Science of Interpretability},
  author={Doshi-Velez, Finale and Kim, Been},
  journal={arXiv preprint arXiv:1702.08608},
  year={2017}
}

@article{cleveland1984graphical,
  title={Graphical perception: Theory, experimentation, and application to the development of graphical methods},
  author={Cleveland, William S and McGill, Robert},
  journal={JASA},
  year={1984},
  publisher={Taylor \& Francis}
}

@inproceedings{kucher2015text,
  title={Text visualization techniques: Taxonomy, visual survey, and community insights},
  author={Kucher, Kostiantyn and Kerren, Andreas},
  booktitle={Visualization Symposium (PacificVis), 2015 IEEE Pacific},
  year={2015},
  organization={IEEE}
}

@InProceedings{chaney2016detecting,
  author    = {Chaney, Allison  and  Wallach, Hanna  and  Connelly, Matthew  and  Blei, David},
  title     = {Detecting and Characterizing Events},
  booktitle = {Proceedings of the 2016 Conference on Empirical Methods in Natural Language Processing},
  month     = {November},
  year      = {2016},
  address   = {Austin, Texas},
  publisher = {Association for Computational Linguistics},
  pages     = {1142--1152},
  url       = {https://aclweb.org/anthology/D16-1122}
}


@inproceedings{eisenstein2010latent,
  title={A latent variable model for geographic lexical variation},
  author={Eisenstein, Jacob and O'Connor, Brendan and Smith, Noah A and Xing, Eric P},
  booktitle={EMNLP},
  year={2010}
}

@inproceedings{keith2017police,
  title={Identifying civilians killed by police with distantly supervised entity-event extraction.},
  author={Keith, Katherine and Handler, Abram and Pinkham, Michael and Magliozzi, Cara and McDuffie, Joshua and O'Connor, Brendan},
  booktitle={EMNLP},
  year={2017}
}

@inproceedings{Handler2016BagOW,
  title={Bag of What?: Simple Noun Phrase Extraction for Text Analysis},
  author={Abram Handler and Matthew J. Denny and Hanna Wallach and Brendan Oâ€™Connor},
  booktitle={Text as Data},
  year={2016}
}

@article{wilkerson2015tracing,
  title={Tracing the flow of policy ideas in legislatures: A text reuse approach},
  author={Wilkerson, John and Smith, David and Stramp, Nicholas},
  journal={American Journal of Political Science},
  volume={59},
  number={4},
  year={2015},
}

@article{green2015natural,
  title={Natural Language Translation at the Intersection of \textsc{AI} and \textsc{HCI}},
  author={Green, Spence and Heer, Jeffrey and Manning, Christopher D},
  journal={ACM Queue},
  volume={13},
  number={6},
  year={2015},
  publisher={ACM}
}


@inproceedings{Wang2013ASC,
  title={A Sentence Compression Based Framework to Query-Focused Multi-Document Summarization},
  author={Lu Wang and Hema Raghavan and Vittorio Castelli and Radu Florian and Claire Cardie},
  booktitle={ACL},
  year={2013}
}

@inproceedings{Handler2016viz,
  title = {Visualizing Textual Models with In-Text and Word-as-Pixel Highlighting},
  booktitle = {Workshop on Human Interpretability in Machine Learning, ICML},
  author = {Handler, Abram and Blodgett, Su Lin and O'Connor, Brendan},
  year = {2016}
}

@inproceedings{fader2011identifying,
  title={Identifying relations for open information extraction},
  author={Fader, Anthony and Soderland, Stephen and Etzioni, Oren},
  booktitle={Proceedings of the Conference on Empirical Methods in Natural Language Processing},
  pages={1535--1545},
  year={2011},
  organization={Association for Computational Linguistics}
}

@inproceedings{Hearst2009UserIF,
  title={User Interfaces for Search},
  author={Marti A. Hearst},
  year={2009}
}

@TECHREPORT{louviere_91,
    Author =    {Louviere, J.J.},
    Title =        {Best-Worst Scaling: A Model for th    e Largest Difference Judgments},
    Institution =   {University of Alberta},
    Year = {1991}
}

@inproceedings{bws2016,
  title={Capturing Reliable Fine-Grained Sentiment Associations by Crowdsourcing and Best--Worst Scaling},
  author={Kiritchenko, Svetlana and Mohammad, Saif M.},
    booktitle={Proceedings of The 15th Annual Conference of the North American Chapter of the Association for Computational Linguistics: Human Language Technologies (NAACL)},
    year={2016},
    address={San Diego, California}
}

@inproceedings{Kiritchenko2017BestWorstSM,
    title={Best-Worst Scaling More Reliable than Rating Scales: A Case Study on Sentiment Intensity Annotation},
    author={Svetlana Kiritchenko and Saif Mohammad},
    booktitle={ACL},
    year={2017}
 }

@article{Hochreiter:1997:LSM:1246443.1246450,
 author = {Hochreiter, Sepp and Schmidhuber, J\"{u}rgen},
 title = {Long Short-Term Memory},
 journal = {Neural Comput.},
 issue_date = {November 15, 1997},
 volume = {9},
 number = {8},
 month = nov,
 year = {1997},
 issn = {0899-7667},
 pages = {1735--1780},
 numpages = {46},
 url = {http://dx.doi.org/10.1162/neco.1997.9.8.1735},
 doi = {10.1162/neco.1997.9.8.1735},
 acmid = {1246450},
 publisher = {MIT Press},
 address = {Cambridge, MA, USA},
}



@article{pedregosa2017consistency,
  title={On the consistency of ordinal regression methods},
  author={Pedregosa, Fabian and Bach, Francis and Gramfort, Alexandre},
  journal={Journal of Machine Learning Research},
  volume={18},
  number={55},
  pages={1--35},
  year={2017}
}


@article{bengio2003neural,
  title={A neural probabilistic language model},
  author={Bengio, Yoshua and Ducharme, R{\'e}jean and Vincent, Pascal and Jauvin, Christian},
  journal={Journal of machine learning research},
  volume={3},
  number={Feb},
  pages={1137--1155},
  year={2003}
}


@article{monroe2008fightin,
  title={Fightin' words: Lexical feature selection and evaluation for identifying the content of political conflict},
  author={Monroe, Burt L and Colaresi, Michael P and Quinn, Kevin M},
  journal={Political Analysis},
  volume={16},
  number={4},
  pages={372--403},
  year={2008},
  publisher={Oxford University Press}
}


@inproceedings{Pitler2014MethodsFS,
  title={Methods for Sentence Compression},
  author={Emily Pitler},
  year={2014}
}


@inproceedings{beauchamp,
   title={Mapping Conceptual Networks},
   author={Beauchamp, Nick and Shugars, Sarah and Levine, Peter},
   year={2017},
   booktitle={Text as Data Conference}
}

@inproceedings{goldberg2013dataset,
  title={A Dataset of Syntactic-Ngrams over Time from a Very Large Corpus of English Books},
  author={Yoav Goldberg and Jon Orwant},
  booktitle={*SEM@NAACL-HLT},
  year={2013}
}

@article{handler2016bag,
  title={Bag of what? \textsc{S}imple noun phrase extraction for text analysis},
  author={Handler, Abram and Denny, Matthew J and Wallach, Hanna and Oâ€™Connor, Brendan},
  journal={Workshop on NLP + CSS, EMNLP},
  year={2016}
}


@phdthesis{o2014statistical,
  title={Statistical Text Analysis for Social Science},
  author={O'Connor, Brendan T},
  year={2014},
  school={Carnegie Mellon University}
}

@inproceedings{stray2017networks,
   title={Network Analysis in Journalism: Practices and Possibilities},
   booktitle={Workshop on Data Science + Journalism at KDD},
   year={2017},
   author={Stray, Jonathan},
}

@article{harrison2017rationalization,
  title={Rationalization: A Neural Machine Translation Approach to Generating Natural Language Explanations},
  author={Harrison, Brent and Ehsan, Upol and Riedl, Mark O},
  journal={arXiv preprint arXiv:1702.07826},
  year={2017}
}

@inproceedings{bammansmith,
   title="Open Extraction of Fine-Grained Political Statements",
   author={Bamman, David and Smith, Noah},
   year={2015},
   booktitle={EMNLP}
}

@inproceedings{kim2016MMD,
  title={Examples are not Enough, Learn to Criticize! {C}riticism for Interpretability},
  author={Been Kim and Rajiv Khanna and Sanmi Koyejo },
  booktitle={Advances in Neural Information Processing Systems},
  year={2016}
}

@article{o2013learning,
  title={Learning to extract international relations from political context},
  author={O'Connor, Brendan and Stewart, Brandon and Smith, Noah A},
  booktitle = {ACL},
  year={2013}
}

@article{doshi2017roadmap,
  title={A Roadmap for a Rigorous Science of Interpretability},
  author={Doshi-Velez, Finale and Kim, Been},
  journal={arXiv preprint arXiv:1702.08608},
  year={2017}
}

@article{cleveland1984graphical,
  title={Graphical perception: Theory, experimentation, and application to the development of graphical methods},
  author={Cleveland, William S and McGill, Robert},
  journal={JASA},
  year={1984},
  publisher={Taylor \& Francis}
}

@inproceedings{kucher2015text,
  title={Text visualization techniques: Taxonomy, visual survey, and community insights},
  author={Kucher, Kostiantyn and Kerren, Andreas},
  booktitle={Visualization Symposium (PacificVis), 2015 IEEE Pacific},
  year={2015},
  organization={IEEE}
}


@inproceedings{eisenstein2010latent,
  title={A latent variable model for geographic lexical variation},
  author={Eisenstein, Jacob and O'Connor, Brendan and Smith, Noah A and Xing, Eric P},
  booktitle={EMNLP},
  year={2010}
}

@inproceedings{keith2017police,
  title={Identifying civilians killed by police with distantly supervised entity-event extraction.},
  author={Keith, Katherine and Handler, Abram and Pinkham, Michael and Magliozzi, Cara and McDuffie, Joshua and O'Connor, Brendan},
  booktitle={EMNLP},
  year={2017}
}

@inproceedings{Handler2016BagOW,
  title={Bag of What?: Simple Noun Phrase Extraction for Text Analysis},
  author={Abram Handler and Matthew J. Denny and Hanna Wallach and Brendan Oâ€™Connor},
  booktitle={Text as Data},
  year={2016}
}

@article{wilkerson2015tracing,
  title={Tracing the flow of policy ideas in legislatures: A text reuse approach},
  author={Wilkerson, John and Smith, David and Stramp, Nicholas},
  journal={American Journal of Political Science},
  volume={59},
  number={4},
  year={2015},
}

@article{green2015natural,
  title={Natural Language Translation at the Intersection of \textsc{AI} and \textsc{HCI}},
  author={Green, Spence and Heer, Jeffrey and Manning, Christopher D},
  journal={ACM Queue},
  volume={13},
  number={6},
  year={2015},
  publisher={ACM}
}



@inproceedings{Handler2016viz,
  title = {Visualizing Textual Models with In-Text and Word-as-Pixel Highlighting},
  booktitle = {Workshop on Human Interpretability in Machine Learning, ICML},
  author = {Handler, Abram and Blodgett, Su Lin and O'Connor, Brendan},
  year = {2016}
}


@article{Newson2002Kendall,
  Author = {Newson, Roger},
  Date-Added = {2018-10-02 19:51:21 +0000},
  Date-Modified = {2018-10-02 19:53:47 +0000},
  Journal = {The Stata Journal},
  Number = {1},
  Pages = {45--64},
  Title = {Parameters behind ``nonparametric'' statistics: {Kendall's} tau, {Somers}' {D} and median differences},
  Volume = {2},
  Year = {2002}}

